@article{1,
 author = {Salman E. Qasim, Uma R. Mohan, Joel M. Stein, Joshua Jacobs},
 title = {Neuronal activity in the human amygdala and hippocampus enhances emotional memory encoding},
 journal = {Nature Human Behaviour},
 volume = {7},
 number = {754â€“764 (2023)},
 year = {2023},
 issn = {2397-3374},
 doi ={https://doi.org/10.1038/s41562-022-01502-8}
 }
